@misc{website:openctm,
      author = "Marcus Geelnard",
      title = "OpenCTM the Open Compressed Triangle Mesh file format",
      month = "November",
      year = "2014",
      url = "\url{http://openctm.sourceforge.net/}"
},

@misc{website:fits,
      author = "NASA",
      title = "The FITS Support Office",
      month = "November",
      year = "2014",
      url = "\url{http://fits.gsfc.nasa.gov/}"
   note = "[Online; accessed 18-November-2014]"
},


@article{abdi2010principal,
  title={Principal component analysis},
  author={Abdi, Herv{\'e} and Williams, Lynne J},
  journal={Wiley Interdisciplinary Reviews: Computational Statistics},
  volume={2},
  number={4},
  pages={433--459},
  year={2010},
  publisher={Wiley Online Library}
},

@article{wallace1992jpeg,
  title={The JPEG still picture compression standard},
  author={Wallace, Gregory K},
  journal={Consumer Electronics, IEEE Transactions on},
  volume={38},
  number={1},
  pages={xviii--xxxiv},
  year={1992},
  publisher={IEEE}
}


@misc{ wiki:dct,
   author = "Wikipedia",
   title = "Discrete cosine transform --- Wikipedia{,} The Free Encyclopedia",
   year = "2014",
   url = "http://en.wikipedia.org/w/index.php?title=Discrete_cosine_transform&oldid=634200461",
   note = "[Online; accessed 18-November-2014]"
 },

@misc{ wiki:dct:jpeg,
   author = "Wikipedia",
   title = "JPEG --- Wikipedia{,} The Free Encyclopedia",
   year = "2014",
   url = "\url{http://en.wikipedia.org/w/index.php?title=JPEG&oldid=634208611#Discrete_cosine_transform}",
   note = "[Online; accessed 18-November-2014]"
 },
 @misc{ wiki:dc_bias,
   author = "Wikipedia",
   title = "DC bias --- Wikipedia{,} The Free Encyclopedia",
   year = "2014",
   url = "\url{http://en.wikipedia.org/w/index.php?title=DC_bias&oldid=608496686}",
   note = "[Online; accessed 18-November-2014]"
 },

@misc{ wiki:endianess,
   author = "Wikipedia",
   title = "Endianness --- Wikipedia{,} The Free Encyclopedia",
   year = "2014",
   url = "\url{http://en.wikipedia.org/w/index.php?title=Endianness&oldid=635311884}",
   note = "[Online; accessed 30-November-2014]"
 }

